

@misc{thoughtworks2014 , title={Microservices: Technology Radar}, url={https://www.thoughtworks.com/radar/techniques/microservices}, 
    journal={ThoughtWorks}
}

@book{newman2015microservices,
	author = {Newman, S.},
	isbn = {9781491950333},
	publisher = {O'Reilly Media},
	title = {Building Microservices: Designing Fine-Grained Systems},
	url = {https://books.google.pt/books?id=jjl4BgAAQBAJ},
	year = {2015}
}



@book{buildingmaintainablesoftware2016,
  author= {Joost Visser},
  title={Building Maintainable Software: Ten Guidelines for Future-proof Code},
  isbn={9781491967423},
  url={https://books.google.pt/books?id=EFiYAQAACAAJ},
  year={2016},
  publisher={O'Reilly Media, Incorporated}
}

@INPROCEEDINGS{migratinglegacykazanavicius19, 
    author={J. {Kazanavičius} and D. {Mažeika}}, 
    booktitle={2019 Open Conference of Electrical, Electronic and Information Sciences (eStream)}, 
    title={Migrating Legacy Software to Microservices Architecture}, 
    year={2019}, 
    volume={}, 
    number={}, 
    pages={1-5}, 
    keywords={service-oriented architecture;software maintenance;migrating legacy software;microservices architecture;legacy monolithic software;microservices architectural style;monolithic architecture;legacy monolithic application;legacy software migration;microservice architecture;relatively new architectural style;legacy monoliths;migration techniques;migration methods;Computer architecture;Databases;Software;Organizations;Monitoring;Tools;microservice;architecture;decomposition}, 
    doi={10.1109/eStream.2019.8732170}, 
    ISSN={}, 
    month={April},
}


@INPROCEEDINGS{monolithtomicroserviceschen17, 
    author={R. {Chen} and S. {Li} and Z. {Li}}, 
    booktitle={2017 24th Asia-Pacific Software Engineering Conference (APSEC)}, 
    title={From Monolith to Microservices: A Dataflow-Driven Approach}, 
    year={2017}, 
    volume={}, 
    number={}, 
    pages={466-475}, 
    keywords={data flow computing;service-oriented architecture;agile practitioner communities;independently deployable microservices;monolithic application;microservice-based software systems;analysis approach;virtual abstract dataflow;microservice identification mechanism;business requirement analysis;dataflow-driven approach;multiple small-scale microservices;microservice identification tool;microservice candidates;dataflow-driven decomposition algorithm;Business;Computer architecture;Service-oriented architecture;Complexity theory;Data mining;Electronic mail;microservices;monolith;decomposition;data flow;business logic}, 
    doi={10.1109/APSEC.2017.53}, 
    ISSN={}, 
    month={Dec},
}


@misc{
    conwayslaw, 
    title={Conway's Law}, 
    url={http://www.melconway.com/Home/Conways_Law.html}, 
    journal={Conway's Law},
    author = {Melvin Conway},
    note = {(Accessed on 12/27/2019)}
}

@misc{
    behara_2018_resilient_ms, 
    title={Making your Microservices Resilient and Fault Tolerant}, url={https://samirbehara.com/2018/08/06/making-your-microservices-resilient-and-fault-tolerant/}, journal={dotnetvibes}, 
    author={Behara, Samir}, 
    year={2018}, 
    month={Aug},
    note = {(Accessed on 12/20/2019)}
}


@misc{
    bulkhead_pattern, 
    title={Bulkhead pattern - Cloud Design Patterns}, 
    url={https://docs.microsoft.com/en-us/azure/architecture/patterns/bulkhead}, 
    journal={Cloud Design Patterns | Microsoft Docs}, 
    author={{Bulkhead Pattern}}
}

@article{most_prominent_areas_of_research_ms_hamzehloui,
    author = {Hamzehloui, Mohammad and Sahibuddin, S. and Ashabi, A.},
    year = {2019},
    month = {04},
    pages = {242-247},
    title = {A study on the most prominent areas of research in microservices},
    volume = {9},
    journal = {International Journal of Machine Learning and Computing},
    doi = {10.18178/ijmlc.2019.9.2.793}
}

@article{software_maintenance_cost_alija_17,
    author = {Alija, Nexhati},
    year = {2017},
    month = {03},
    pages = {15-23},
    title = {Justification of Software Maintenance Costs},
    volume = {7},
    journal = {International Journal of Advanced Research in Computer Science and Software Engineering},
    doi = {10.23956/ijarcsse/V7I2/01207}
}

@article{is_cohesion_and_coupling_enough_candela16,
    author = {Candela, Ivan and Bavota, Gabriele and Russo, Barbara and Oliveto, Rocco},
    year = {2016},
    month = {06},
    pages = {1-28},
    title = {Using Cohesion and Coupling for Software Remodularization: Is It Enough?},
    volume = {25},
    journal = {ACM Transactions on Software Engineering and Methodology},
    doi = {10.1145/2928268}
}

@INPROCEEDINGS{fome_jin_18,
    author={W. {Jin} and T. {Liu} and Q. {Zheng} and D. {Cui} and Y. {Cai}},
    booktitle={2018 IEEE International Conference on Web Services (ICWS)},
    title={Functionality-Oriented Microservice Extraction Based on Execution Trace Clustering},
    year={2018},
    volume={},
    number={},
    pages={211-218},
    keywords={pattern clustering;program diagnostics;public domain software;software architecture;software maintenance;software metrics;execution trace clustering;Functional Independence;functional cohesion;microservice candidates;open-source projects;service cohesion;group source code entities;source code analysis;program dynamic behavior;functionality-oriented microservice extraction method;code-level;software structure analysis;specific functionalities;candidate microservices;monolithic software;software entities;Software;Measurement;Business;Monitoring;Couplings;Skeleton;Systematics;microservice, executing trace, quality metrics},
    doi={10.1109/ICWS.2018.00034},
    ISSN={null},
    month={July},
}

@article{execution_traces_expose_behaviour_dit13,
    author = {Dit, Bogdan and Revelle, Meghan and Gethers, Malcom and Poshyvanyk, Denys},
    year = {2013},
    month = {01},
    pages = {},
    title = {Feature location in source code: A taxonomy and survey},
    volume = {25},
    journal = {Journal of Software Maintenance and Evolution: Research and Practice},
    doi = {10.1002/smr.567}
}

@INPROCEEDINGS{mazlami17,
    author={G. {Mazlami} and J. {Cito} and P. {Leitner}},
    booktitle={2017 IEEE International Conference on Web Services (ICWS)},
    title={Extraction of Microservices from Monolithic Software Architectures},
    year={2017},
    volume={},
    number={},
    pages={524-531},
    doi={10.1109/ICWS.2017.61},
    ISSN={null},
    month={June},
}

@INPROCEEDINGS{kamimura18_city_analogy,
    author={M. {Kamimura} and K. {Yano} and T. {Hatano} and A. {Matsuo}},
    booktitle={2018 25th Asia-Pacific Software Engineering Conference (APSEC)},
    title={Extracting Candidates of Microservices from Monolithic Application Code},
    year={2018},
    volume={},
    number={},
    pages={571-580},
    keywords={data visualisation;pattern clustering;service-oriented architecture;software maintenance;monolithic application code;business applications;legacy system modernization;service-oriented architectures;software system;monolithic applications;software architecture views;source code;open source application;SArF software clustering algorithm;remodularization operations;Software;Business;Data mining;Data visualization;Clustering algorithms;Computer architecture;Manuals;microservice architecture, software clustering, partition, visualization, program comprehension, modernization},
    doi={10.1109/APSEC.2018.00072},
    ISSN={1530-1362},
    month={Dec},
}

@INPROCEEDINGS{kobayashi12_feature_gathering_software_clustering,
    author={K. {Kobayashi} and M. {Kamimura} and K. {Kato} and K. {Yano} and A. {Matsuo}},
    booktitle={2012 28th IEEE International Conference on Software Maintenance (ICSM)},
    title={Feature-gathering dependency-based software clustering using Dedication and Modularity},
    year={2012},
    volume={},
    number={},
    pages={462-471},
    keywords={directed graphs;pattern clustering;software architecture;software maintenance;software metrics;feature-gathering dependency-based software clustering;dedication score;modularity maximization;software system comprehension;SArF;omnipresent-module-removing step;relevant software features;relevant software functionalities;weighted directed graphs;measurable authoritativeness limits;software system architecture;software maintenance;Clustering algorithms;Software algorithms;Software systems;Computer architecture;Humans;Software maintenance;software clustering;software architecture reconstruction;fan-in analysis;community detection;omnipresent modules;dependency analysis},
    doi={10.1109/ICSM.2012.6405308},
    ISSN={1063-6773},
    month={Sep.},
}

@inproceedings{kobayasi13_sarf,
    author = {Kobayashi, Kenichi and Kamimura, Manabu and Yano, Keisuke and Kato, Koki and Matsuo, Akihiko},
    year = {2013},
    month = {05},
    pages = {},
    title = {SArF Map: Visualizing Software Architecture from Feature and Layer Viewpoints},
    journal = {*** WRONG Type: This is not a journal article. ***},
    doi = {10.1109/ICPC.2013.6613832}
}

@article{parnas72_decomposing_systems,
    author = {Parnas, D. L.},
    title = {On the Criteria to Be Used in Decomposing Systems into Modules},
    journal = {Commun. ACM},
    issue_date = {Dec. 1972},
    volume = {15},
    number = {12},
    month = dec,
    year = {1972},
    issn = {0001-0782},
    pages = {1053--1058},
    numpages = {6},
    url = {http://doi.acm.org/10.1145/361598.361623},
    doi = {10.1145/361598.361623},
    acmid = {361623},
    publisher = {ACM},
    address = {New York, NY, USA},
    keywords = {KWIC index, modularity, modules, software, software design, software engineering},
} 

@inproceedings{gysel16_service_cutter,
    author = {Gysel, Michael and Kölbener, Lukas and Giersche, Wolfgang and Zimmermann, Olaf},
    year = {2016},
    month = {09},
    pages = {185-200},
    title = {Service Cutter: A Systematic Approach to Service Decomposition},
    doi = {10.1007/978-3-319-44482-6_12}
}

@article{leung2009TowardsRC,
  title={Towards real-time community detection in large networks.},
  author={Ian X. Y. Leung and Pan Hui and Pietro Li{\`o} and Jon Crowcroft},
  journal={Physical review. E, Statistical, nonlinear, and soft matter physics},
  year={2009},
  volume={79 6 Pt 2},
  pages={066107}
}

@article{girvan01_community_structure_cluster,
    title = {Community structure in social and biological networks},
    author = {Girvan, Michelle and Newman, Mark},
    year = {2001},
    month = {11},
    pages = {7821-7826},
    volume = {99},
    journal = {Proceedings of the National Academy of Sciences of the United States of America}
}

@misc{communication_microservice_architecture_microsoft,
    author = {Wenzel, Maira and Parente, John and Shariq, Sabah},
    title = {Communication in a microservice architecture | Microsoft Docs},
    howpublished = {\url{https://docs.microsoft.com/en-us/dotnet/architecture/microservices/architect-microservice-container-applications/communication-in-microservice-architecture}},
    month = {},
    year = {},
    note = {(Accessed on 12/22/2019)}
}

@misc{nemer_19_summary,
    author = {Nemer, Joe},
    title = {Advantages and Disadvantages of Microservices Architecture},
    howpublished = {\url{https://cloudacademy.com/blog/microservices-architecture-challenge-advantage-drawback/}},
    month = {},
    year = {},
    note = {(Accessed on 12/26/2019)}
}

@misc{richardson15_service_discovery,
    author = {Richardson, Chris},
    title = {Service Discovery in a Microservices Architecture - NGINX},
    howpublished = {\url{https://www.nginx.com/blog/service-discovery-in-a-microservices-architecture/}},
    month = {October},
    year = {2015},
    note = {(Accessed on 12/26/2019)}
}

@article{balalaie18_ms_migration_patterns,
    author = {Balalaie, Armin and Heydarnoori, Abbas and Jamshidi, Pooyan and Tamburri, Damian and Lynn, Theodore},
    year = {2018},
    month = {07},
    pages = {},
    title = {Microservices migration patterns},
    volume = {48},
    journal = {Software: Practice and Experience},
    doi = {10.1002/spe.2608}
}

@misc{fowler15_monolith_first,
    author = {Fowler, Martin},
    title = {Monolith First},
    howpublished = {\url{https://martinfowler.com/bliki/MonolithFirst.html}},
    month = {June},
    year = {2015},
    note = {(Accessed on 12/26/2019)}
}

@misc{dehghani18_break_monolith_into_microservices,
    author = {Dehghani, Zhamak},
    title = {How to break a Monolith into Microservices},
    howpublished = {\url{https://martinfowler.com/articles/break-monolith-into-microservices.html}},
    month = {},
    year = {2018},
    note = {(Accessed on 12/26/2019)}
}


@book{situational_method_engineering,
    author = {Henderson-Sellers, Brian and Ralyte, Jolita and Ågerfalk, Pär and Rossi, Matti},
    year = {2014},
    month = {01},
    pages = {},
    title = {Situational Method Engineering},
    isbn = {978-3-642-41466-4},
    doi = {10.1007/978-3-642-41467-1}
}

@inproceedings{chen17_dataflow_driven,
    author = {Chen, Rui and Li, Shanshan and Li, Zheng (Eddie)},
    year = {2017},
    month = {12},
    pages = {466-475},
    title = {From Monolith to Microservices: A Dataflow-Driven Approach},
    doi = {10.1109/APSEC.2017.53}
}

@inproceedings{fritzsch19_migration_in_industry,
    author = {Fritzsch, Jonas and Bogner, Justus and Wagner, Stefan and Zimmermann, Alfred},
    year = {2019},
    month = {10},
    pages = {},
    title = {Microservices Migration in Industry: Intentions, Strategies, and Challenges},
    doi = {10.1109/ICSME.2019.00081}
}

@inproceedings{taibi18_architectural_patterns,
    author = {Taibi, Davide and Lenarduzzi, Valentina and Pahl, Claus},
    year = {2018},
    month = {03},
    pages = {},
    title = {Architectural Patterns for Microservices: A Systematic Mapping Study},
    doi = {10.5220/0006798302210232}
}

@misc{fowler14_definition_microservices,
    author = {Fowler, Martin and Lewis, James},
    title = {Microservices},
    howpublished = {\url{https://martinfowler.com/articles/microservices.html}},
    month = {March},
    year = {2014},
    note = {(Accessed on 12/27/2019)}
}

@inproceedings{pahl16_ms_systematic_mapping,
    author = {Pahl, Claus and Jamshidi, Pooyan},
    year = {2016},
    month = {01},
    pages = {137-146},
    title = {Microservices: A Systematic Mapping Study},
    doi = {10.5220/0005785501370146}
}

@article{horwitz04_inter_procedural_slicing,
    author = {Horwitz, S. and Reps, Thomas and Binkley, David},
    year = {2004},
    month = {04},
    pages = {35-46},
    title = {Inter-procedural Slicing Using Dependence Graphs},
    volume = {23},
    isbn = {0-89791-269-1},
    journal = {ACM SIGPLAN Notices},
    doi = {10.1145/960116.53994}
}

@INPROCEEDINGS{graf10_sdg_generation,
    author={J. {Graf}},
    booktitle={2010 10th IEEE Working Conference on Source Code Analysis and Manipulation},
    title={Speeding Up Context-, Object- and Field-Sensitive SDG Generation},
    year={2010},
    volume={},
    number={},
    pages={105-114},
    keywords={object-oriented languages;program slicing;speeding up context;SDG generation;system dependence graphs;interprocedural program;object-sensitive;Java;points-to analysis;WALA framework;Runtime;Object oriented modeling;Scalability;Computational modeling;Analytical models;Java;Data structures;program analysis;static analysis;system dependence graph;slicing;object oriented;interprocedural data flow},
    doi={10.1109/SCAM.2010.9},
    ISSN={null},
    month={Sep.},
}

@article{androutsopoulos10,
    author = {Androutsopoulos, Kelly and Clark, D and Harman, Mark and Krinke, Jens and Tratt, Laurence},
    year = {2010},
    month = {12},
    pages = {},
    title = {Survey of Slicing Finite State Machine Models}
}

 @inproceedings{marin18_sdg,
    author = {Marin, Victor J. and Rivero, Carlos R.},
    title = {Towards a Framework for Generating Program Dependence Graphs from Source Code},
    year = {2018},
    isbn = {9781450360562},
    publisher = {Association for Computing Machinery},
    address = {New York, NY, USA},
    url = {https://doi.org/10.1145/3278142.3278144},
    doi = {10.1145/3278142.3278144},
    booktitle = {Proceedings of the 4th ACM SIGSOFT International Workshop on Software Analytics},
    pages = {30–36},
    numpages = {7},
    keywords = {Program Dependence Graph, Java, Software Analysis},
    location = {Lake Buena Vista, FL, USA},
    series = {SWAN 2018}
}


@misc{java_frameworks,
    author = {RebelLabs},
    title = {Developer Productivity Report 2017: Java Tools Usage | Rebel},
    howpublished = {\url{https://www.jrebel.com/blog/java-development-tools-usage-stats}},
    month = {September},
    year = {2017},
    note = {(Accessed on 01/26/2020)}
}
