@book{KeR88
  , author    = {B.W. Kernighan and D.M. Ritchie}
  , title     = {The C Programming Language (ANSI C)}
  , edition   = {2nd}
  , publisher = {Prentice Hall Software series}
  , year      = {1988}
  , keywords  = {Programming, Imperative}
}

@book{GRM97
  , title     = {The LaTeX Graphics Companion}
  , author    = {Michel Goossens and Sebastian Rahtz and Frank Mittelbach}
  , publisher = {Addison-Wesley}
  , year      = {1997}
  , note      = {ISBN 0-201-85469-4}
  , keywords  = {LaTeX, Programming, Graphics}
}
